
@MISC{URL1,
      TITLE        = "",
      NOTE         = "\url{http:/www.adresse.com/}, consult√© le 12/02/2025"
}
